<?xml version="1.0" encoding="UTF-8"?><collection xmlns="http://www.loc.gov/MARC21/slim"><record><leader>00498nam--2200169-i-4500</leader><controlfield tag="001">000001797</controlfield><controlfield tag="002">20161230</controlfield><controlfield tag="005">20170111000536</controlfield><controlfield tag="008">060222s1000------------r-----000-0-eng-d</controlfield><datafield ind1=" " ind2=" " tag="040"><subfield code="a">IFIN-HH</subfield></datafield><datafield ind1=" " ind2=" " tag="080"><subfield code="a">536</subfield></datafield><datafield ind1="1" ind2=" " tag="100"><subfield code="a">Goldsmid, H. J</subfield></datafield><datafield ind1="1" ind2="0" tag="245"><subfield code="a">The thermal properties of solids</subfield><subfield code="b">Die thermischen eingenschaften von festkoepern</subfield><subfield code="c">H.J. Goldsmid</subfield></datafield><datafield ind1=" " ind2=" " tag="260"><subfield code="a">Berlin</subfield><subfield code="b">Veb Deutscher Verlag Der Wissenschaften</subfield><subfield code="c">1967</subfield></datafield><datafield ind1=" " ind2=" " tag="300"><subfield code="a">VII + 72 p</subfield></datafield><datafield ind1=" " ind2=" " tag="852"><subfield code="a">25881</subfield><subfield code="c">536</subfield></datafield><datafield ind1=" " ind2=" " tag="CAT"><subfield code="a">SYS</subfield><subfield code="c">20170111</subfield><subfield code="h">000536</subfield></datafield></record></collection>